<?xml version="1.0" encoding="UTF-8"?>
  <record xmlns="http://www.loc.gov/MARC21/slim" type="Authority">
    <leader>00000nz  a2200000nc 4500</leader>
    <controlfield tag="001">118652885</controlfield>
    <controlfield tag="003">DE-101</controlfield>
    <controlfield tag="005">20220309171304.0</controlfield>
    <controlfield tag="008">880701n||azznnaabn           | aaa    |c</controlfield>
    <datafield tag="024" ind1="7" ind2=" ">
      <subfield code="a">118652885</subfield>
      <subfield code="0">http://d-nb.info/gnd/118652885</subfield>
      <subfield code="2">gnd</subfield>
    </datafield>
    <datafield tag="035" ind1=" " ind2=" ">
      <subfield code="a">(DE-101)118652885</subfield>
    </datafield>
    <datafield tag="035" ind1=" " ind2=" ">
      <subfield code="a">(DE-588)118652885</subfield>
    </datafield>
    <datafield tag="035" ind1=" " ind2=" ">
      <subfield code="z">(DE-588)174800908</subfield>
    </datafield>
    <datafield tag="035" ind1=" " ind2=" ">
      <subfield code="z">(DE-588a)174800908</subfield>
      <subfield code="9">v:zg</subfield>
    </datafield>
    <datafield tag="035" ind1=" " ind2=" ">
      <subfield code="z">(DE-588)15844907X</subfield>
    </datafield>
    <datafield tag="035" ind1=" " ind2=" ">
      <subfield code="z">(DE-588a)15844907X</subfield>
      <subfield code="9">v:zg</subfield>
    </datafield>
    <datafield tag="035" ind1=" " ind2=" ">
      <subfield code="z">(DE-588a)118652885</subfield>
      <subfield code="9">v:zg</subfield>
    </datafield>
    <datafield tag="035" ind1=" " ind2=" ">
      <subfield code="z">(DE-588c)4086438-8</subfield>
      <subfield code="9">v:zg</subfield>
    </datafield>
    <datafield tag="040" ind1=" " ind2=" ">
      <subfield code="a">DE-101</subfield>
      <subfield code="c">DE-101</subfield>
      <subfield code="9">r:DE-101</subfield>
      <subfield code="b">ger</subfield>
      <subfield code="d">9999</subfield>
    </datafield>
    <datafield tag="042" ind1=" " ind2=" ">
      <subfield code="a">gnd1</subfield>
    </datafield>
    <datafield tag="043" ind1=" " ind2=" ">
      <subfield code="c">XA-IT</subfield>
    </datafield>
    <datafield tag="065" ind1=" " ind2=" ">
      <subfield code="a">7.14p</subfield>
      <subfield code="2">sswd</subfield>
    </datafield>
    <datafield tag="075" ind1=" " ind2=" ">
      <subfield code="b">p</subfield>
      <subfield code="2">gndgen</subfield>
    </datafield>
    <datafield tag="075" ind1=" " ind2=" ">
      <subfield code="b">piz</subfield>
      <subfield code="2">gndspec</subfield>
    </datafield>
    <datafield tag="079" ind1=" " ind2=" ">
      <subfield code="a">g</subfield>
      <subfield code="q">s</subfield>
      <subfield code="q">f</subfield>
      <subfield code="q">n</subfield>
      <subfield code="q">a</subfield>
      <subfield code="u">v</subfield>
      <subfield code="u">o</subfield>
      <subfield code="u">w</subfield>
    </datafield>
    <datafield tag="100" ind1="0" ind2=" ">
      <subfield code="a">Bartolus</subfield>
      <subfield code="c">de Saxoferrato</subfield>
      <subfield code="d">1314-1357</subfield>
    </datafield>
    <datafield tag="375" ind1=" " ind2=" ">
      <subfield code="a">1</subfield>
      <subfield code="2">iso5218</subfield>
    </datafield>
    <datafield tag="400" ind1="1" ind2=" ">
      <subfield code="a">Sassoferrato, Bartolo &#152;of&#156;</subfield>
      <subfield code="d">1314-1357</subfield>
    </datafield>
    <datafield tag="400" ind1="1" ind2=" ">
      <subfield code="a">Sassoferrato, Bartolus &#152;de&#156;</subfield>
      <subfield code="d">1314-1357</subfield>
    </datafield>
    <datafield tag="400" ind1="1" ind2=" ">
      <subfield code="a">Saxoferratus, Bartolus &#152;de&#156;</subfield>
      <subfield code="d">1314-1357</subfield>
    </datafield>
    <datafield tag="400" ind1="1" ind2=" ">
      <subfield code="a">Saxoferato, Bartolus &#152;a&#156;</subfield>
      <subfield code="d">1314-1357</subfield>
    </datafield>
    <datafield tag="400" ind1="1" ind2=" ">
      <subfield code="a">Saxoferatus, Bartolus &#152;a&#156;</subfield>
      <subfield code="d">1314-1357</subfield>
    </datafield>
    <datafield tag="400" ind1="1" ind2=" ">
      <subfield code="a">Saxo Ferrato, Bartolus &#152;de&#156;</subfield>
      <subfield code="d">1314-1357</subfield>
    </datafield>
    <datafield tag="400" ind1="0" ind2=" ">
      <subfield code="a">Bartolus</subfield>
      <subfield code="c">a Saxoferato</subfield>
      <subfield code="d">1314-1357</subfield>
    </datafield>
    <datafield tag="400" ind1="0" ind2=" ">
      <subfield code="a">Bartolus</subfield>
      <subfield code="c">de Saxo Ferrato</subfield>
      <subfield code="d">1314-1357</subfield>
    </datafield>
    <datafield tag="400" ind1="0" ind2=" ">
      <subfield code="a">Bartolus</subfield>
      <subfield code="c">de Sassoferrato</subfield>
      <subfield code="d">1314-1357</subfield>
    </datafield>
    <datafield tag="400" ind1="0" ind2=" ">
      <subfield code="a">Bartolus</subfield>
      <subfield code="c">da Saxoferrato</subfield>
      <subfield code="d">1314-1357</subfield>
    </datafield>
    <datafield tag="400" ind1="0" ind2=" ">
      <subfield code="a">Bartolus</subfield>
      <subfield code="c">a Saxo Ferrato</subfield>
      <subfield code="d">1314-1357</subfield>
    </datafield>
    <datafield tag="400" ind1="1" ind2=" ">
      <subfield code="a">Bartholus, ...</subfield>
      <subfield code="d">1314-1357</subfield>
    </datafield>
    <datafield tag="400" ind1="0" ind2=" ">
      <subfield code="a">Bartholus</subfield>
      <subfield code="c">de Saxoferrato</subfield>
      <subfield code="d">1314-1357</subfield>
    </datafield>
    <datafield tag="400" ind1="0" ind2=" ">
      <subfield code="a">Bartholus</subfield>
      <subfield code="c">de Saxo Ferrato</subfield>
      <subfield code="d">1314-1357</subfield>
    </datafield>
    <datafield tag="400" ind1="0" ind2=" ">
      <subfield code="a">Bartole</subfield>
      <subfield code="c">de Sassoferrato</subfield>
      <subfield code="d">1314-1357</subfield>
    </datafield>
    <datafield tag="400" ind1="0" ind2=" ">
      <subfield code="a">Bartole</subfield>
      <subfield code="c">da Sasferrato</subfield>
      <subfield code="d">1314-1357</subfield>
    </datafield>
    <datafield tag="400" ind1="0" ind2=" ">
      <subfield code="a">Bartoli</subfield>
      <subfield code="c">de Saxoferrato</subfield>
      <subfield code="d">1314-1357</subfield>
    </datafield>
    <datafield tag="400" ind1="0" ind2=" ">
      <subfield code="a">Bartolo</subfield>
      <subfield code="c">von Sassoferrato</subfield>
      <subfield code="d">1314-1357</subfield>
    </datafield>
    <datafield tag="400" ind1="0" ind2=" ">
      <subfield code="a">Bartolo</subfield>
      <subfield code="c">of Sassoferrato</subfield>
      <subfield code="d">1314-1357</subfield>
    </datafield>
    <datafield tag="400" ind1="1" ind2=" ">
      <subfield code="a">Bartholus, legum doctor</subfield>
      <subfield code="d">1314-1357</subfield>
    </datafield>
    <datafield tag="400" ind1="0" ind2=" ">
      <subfield code="a">Bartolus aus Sassoferrato</subfield>
      <subfield code="d">1314-1357</subfield>
      <subfield code="9">v:(VD-16)</subfield>
    </datafield>
    <datafield tag="400" ind1="0" ind2=" ">
      <subfield code="a">Bar.</subfield>
      <subfield code="c">a Saxoferrato</subfield>
      <subfield code="d">1314-1357</subfield>
    </datafield>
    <datafield tag="400" ind1="0" ind2=" ">
      <subfield code="a">Bartol.</subfield>
      <subfield code="c">a Saxoferrato</subfield>
      <subfield code="d">1314-1357</subfield>
    </datafield>
    <datafield tag="400" ind1="0" ind2=" ">
      <subfield code="a">Barto.</subfield>
      <subfield code="c">a Saxoferrato</subfield>
      <subfield code="d">1314-1357</subfield>
    </datafield>
    <datafield tag="400" ind1="1" ind2=" ">
      <subfield code="a">Bartolus, Osse</subfield>
      <subfield code="d">1314-1357</subfield>
    </datafield>
    <datafield tag="400" ind1="0" ind2=" ">
      <subfield code="a">Bartolus</subfield>
      <subfield code="c">Severus de Alphanis</subfield>
      <subfield code="d">1314-1357</subfield>
    </datafield>
    <datafield tag="400" ind1="0" ind2=" ">
      <subfield code="a">Bartolus</subfield>
      <subfield code="c">Sassoferatus</subfield>
      <subfield code="d">1314-1357</subfield>
    </datafield>
    <datafield tag="400" ind1="0" ind2=" ">
      <subfield code="a">Bartolus</subfield>
      <subfield code="c">Saxoferrateus</subfield>
      <subfield code="d">1314-1357</subfield>
    </datafield>
    <datafield tag="400" ind1="0" ind2=" ">
      <subfield code="a">Bartolus</subfield>
      <subfield code="c">von Sassoferrato</subfield>
      <subfield code="d">1314-1357</subfield>
    </datafield>
    <datafield tag="400" ind1="0" ind2=" ">
      <subfield code="a">Bartolus</subfield>
      <subfield code="c">a Saxoferrato</subfield>
      <subfield code="d">1314-1357</subfield>
    </datafield>
    <datafield tag="400" ind1="0" ind2=" ">
      <subfield code="a">Bartholus</subfield>
      <subfield code="c">Picenus Saxoferratensis</subfield>
      <subfield code="d">1314-1357</subfield>
    </datafield>
    <datafield tag="400" ind1="0" ind2=" ">
      <subfield code="a">Bartulo</subfield>
      <subfield code="c">de Sassoferrato</subfield>
      <subfield code="d">1314-1357</subfield>
    </datafield>
    <datafield tag="400" ind1="0" ind2=" ">
      <subfield code="a">Bartolo</subfield>
      <subfield code="c">da Sassoferrato</subfield>
      <subfield code="d">1314-1357</subfield>
    </datafield>
    <datafield tag="400" ind1="0" ind2=" ">
      <subfield code="a">Bartolo</subfield>
      <subfield code="c">de Sassoferrato</subfield>
      <subfield code="d">1314-1357</subfield>
    </datafield>
    <datafield tag="400" ind1="0" ind2=" ">
      <subfield code="a">Barto</subfield>
      <subfield code="c">a Saxoferrato</subfield>
      <subfield code="d">1314-1357</subfield>
    </datafield>
    <datafield tag="400" ind1="0" ind2=" ">
      <subfield code="a">Partholus</subfield>
      <subfield code="c">Picenus Saxoferratensis</subfield>
      <subfield code="d">1314-1357</subfield>
    </datafield>
    <datafield tag="400" ind1="1" ind2=" ">
      <subfield code="a">Saxoferrato, Bartolus &#152;de&#156;</subfield>
      <subfield code="d">1314-1357</subfield>
    </datafield>
    <datafield tag="400" ind1="0" ind2=" ">
      <subfield code="a">Pseudo-Bartolus</subfield>
      <subfield code="c">de Saxoferrato</subfield>
      <subfield code="d">1314-1357</subfield>
    </datafield>
    <datafield tag="400" ind1="1" ind2=" ">
      <subfield code="a">Saxoferratus, Bartolus</subfield>
      <subfield code="d">1314-1357</subfield>
    </datafield>
    <datafield tag="400" ind1="1" ind2=" ">
      <subfield code="a">Sassoferrato, Bartolus of</subfield>
      <subfield code="d">1314-1357</subfield>
    </datafield>
    <datafield tag="400" ind1="0" ind2=" ">
      <subfield code="a">Barto a Sacoferrato</subfield>
      <subfield code="d">1314-1357</subfield>
    </datafield>
    <datafield tag="400" ind1="1" ind2=" ">
      <subfield code="a">Alphanis, Bartolus Severus &#152;de&#156;</subfield>
      <subfield code="d">1314-1357</subfield>
    </datafield>
    <datafield tag="400" ind1="1" ind2=" ">
      <subfield code="a">Sassoferrato, Bartolo &#152;da&#156;</subfield>
      <subfield code="d">1314-1357</subfield>
    </datafield>
    <datafield tag="400" ind1="0" ind2=" ">
      <subfield code="a">Bartolus</subfield>
      <subfield code="c">of Sassoferrato</subfield>
      <subfield code="d">1314-1357</subfield>
    </datafield>
    <datafield tag="400" ind1="1" ind2=" ">
      <subfield code="a">Saxoferrato, Bartolus</subfield>
      <subfield code="d">1314-1357</subfield>
    </datafield>
    <datafield tag="400" ind1="1" ind2=" ">
      <subfield code="a">Sassoferrato, Bartolus</subfield>
      <subfield code="d">1314-1357</subfield>
    </datafield>
    <datafield tag="500" ind1="1" ind2=" ">
      <subfield code="0">(DE-101)119781360</subfield>
      <subfield code="0">(DE-588)119781360</subfield>
      <subfield code="0">https://d-nb.info/gnd/119781360</subfield>
      <subfield code="a">Parcus, Franz</subfield>
      <subfield code="4">beza</subfield>
      <subfield code="4">https://d-nb.info/standards/elementset/gnd#acquaintanceshipOrFriendship</subfield>
      <subfield code="w">r</subfield>
      <subfield code="i">Bekanntschaft</subfield>
      <subfield code="e">Bekanntschaft</subfield>
      <subfield code="9">v:VD-16 Mitverf.</subfield>
    </datafield>
    <datafield tag="500" ind1="0" ind2=" ">
      <subfield code="0">(DE-101)100951503</subfield>
      <subfield code="0">(DE-588)100951503</subfield>
      <subfield code="0">https://d-nb.info/gnd/100951503</subfield>
      <subfield code="a">Lanfrancus</subfield>
      <subfield code="c">de Oriano</subfield>
      <subfield code="d">1398-1488</subfield>
      <subfield code="4">beza</subfield>
      <subfield code="4">https://d-nb.info/standards/elementset/gnd#acquaintanceshipOrFriendship</subfield>
      <subfield code="w">r</subfield>
      <subfield code="i">Bekanntschaft</subfield>
      <subfield code="e">Bekanntschaft</subfield>
      <subfield code="9">v:VD-16 Mitverf.</subfield>
    </datafield>
    <datafield tag="500" ind1="1" ind2=" ">
      <subfield code="0">(DE-101)129085731</subfield>
      <subfield code="0">(DE-588)129085731</subfield>
      <subfield code="0">https://d-nb.info/gnd/129085731</subfield>
      <subfield code="a">Concenatius, Jacobus</subfield>
      <subfield code="d">ca. 16. Jh.</subfield>
      <subfield code="4">beza</subfield>
      <subfield code="4">https://d-nb.info/standards/elementset/gnd#acquaintanceshipOrFriendship</subfield>
      <subfield code="w">r</subfield>
      <subfield code="i">Bekanntschaft</subfield>
      <subfield code="e">Bekanntschaft</subfield>
      <subfield code="9">v:VD-16 Mitverf.</subfield>
    </datafield>
    <datafield tag="500" ind1="1" ind2=" ">
      <subfield code="a">Schard, Simon</subfield>
      <subfield code="4">beza</subfield>
      <subfield code="4">https://d-nb.info/standards/elementset/gnd#acquaintanceshipOrFriendship</subfield>
      <subfield code="w">r</subfield>
      <subfield code="i">Bekanntschaft</subfield>
      <subfield code="e">Bekanntschaft</subfield>
      <subfield code="9">v:VD-16 Mitverf.</subfield>
    </datafield>
    <datafield tag="500" ind1="1" ind2=" ">
      <subfield code="a">Poulvè, Adrien</subfield>
      <subfield code="4">beza</subfield>
      <subfield code="4">https://d-nb.info/standards/elementset/gnd#acquaintanceshipOrFriendship</subfield>
      <subfield code="w">r</subfield>
      <subfield code="i">Bekanntschaft</subfield>
      <subfield code="e">Bekanntschaft</subfield>
      <subfield code="9">v:VD-16 Mitverf.</subfield>
    </datafield>
    <datafield tag="500" ind1="0" ind2=" ">
      <subfield code="0">(DE-101)1089737467</subfield>
      <subfield code="0">(DE-588)1089737467</subfield>
      <subfield code="0">https://d-nb.info/gnd/1089737467</subfield>
      <subfield code="a">Amanellus</subfield>
      <subfield code="c">de Claris Aquis</subfield>
      <subfield code="4">beza</subfield>
      <subfield code="4">https://d-nb.info/standards/elementset/gnd#acquaintanceshipOrFriendship</subfield>
      <subfield code="w">r</subfield>
      <subfield code="i">Bekanntschaft</subfield>
      <subfield code="e">Bekanntschaft</subfield>
      <subfield code="9">v:VD-16 Mitverf.</subfield>
    </datafield>
    <datafield tag="500" ind1="0" ind2=" ">
      <subfield code="a">Petrus Jacobi</subfield>
      <subfield code="4">beza</subfield>
      <subfield code="4">https://d-nb.info/standards/elementset/gnd#acquaintanceshipOrFriendship</subfield>
      <subfield code="w">r</subfield>
      <subfield code="i">Bekanntschaft</subfield>
      <subfield code="e">Bekanntschaft</subfield>
      <subfield code="9">v:VD-16 Mitverf.</subfield>
    </datafield>
    <datafield tag="500" ind1="0" ind2=" ">
      <subfield code="0">(DE-101)119720388</subfield>
      <subfield code="0">(DE-588)119720388</subfield>
      <subfield code="0">https://d-nb.info/gnd/119720388</subfield>
      <subfield code="a">Jacobus Lanfranchinus</subfield>
      <subfield code="4">beza</subfield>
      <subfield code="4">https://d-nb.info/standards/elementset/gnd#acquaintanceshipOrFriendship</subfield>
      <subfield code="w">r</subfield>
      <subfield code="i">Bekanntschaft</subfield>
      <subfield code="e">Bekanntschaft</subfield>
      <subfield code="9">v:VD-16 Mitverf.</subfield>
    </datafield>
    <datafield tag="500" ind1="0" ind2=" ">
      <subfield code="0">(DE-101)119613034</subfield>
      <subfield code="0">(DE-588)119613034</subfield>
      <subfield code="0">https://d-nb.info/gnd/119613034</subfield>
      <subfield code="a">Baptista</subfield>
      <subfield code="c">von St. Blasien</subfield>
      <subfield code="4">beza</subfield>
      <subfield code="4">https://d-nb.info/standards/elementset/gnd#acquaintanceshipOrFriendship</subfield>
      <subfield code="w">r</subfield>
      <subfield code="i">Bekanntschaft</subfield>
      <subfield code="e">Bekanntschaft</subfield>
      <subfield code="9">v:VD-16 Mitverf.</subfield>
    </datafield>
    <datafield tag="500" ind1="0" ind2=" ">
      <subfield code="0">(DE-101)119626071</subfield>
      <subfield code="0">(DE-588)119626071</subfield>
      <subfield code="0">https://d-nb.info/gnd/119626071</subfield>
      <subfield code="a">Bonicontius</subfield>
      <subfield code="4">beza</subfield>
      <subfield code="4">https://d-nb.info/standards/elementset/gnd#acquaintanceshipOrFriendship</subfield>
      <subfield code="w">r</subfield>
      <subfield code="i">Bekanntschaft</subfield>
      <subfield code="e">Bekanntschaft</subfield>
      <subfield code="9">v:VD-16 Mitverf.</subfield>
    </datafield>
    <datafield tag="548" ind1=" " ind2=" ">
      <subfield code="a">1314-1357</subfield>
      <subfield code="4">datl</subfield>
      <subfield code="4">https://d-nb.info/standards/elementset/gnd#dateOfBirthAndDeath</subfield>
      <subfield code="w">r</subfield>
      <subfield code="i">Lebensdaten</subfield>
    </datafield>
    <datafield tag="550" ind1=" " ind2=" ">
      <subfield code="0">(DE-101)040290506</subfield>
      <subfield code="0">(DE-588)4029050-5</subfield>
      <subfield code="0">https://d-nb.info/gnd/4029050-5</subfield>
      <subfield code="a">Jurist</subfield>
      <subfield code="4">berc</subfield>
      <subfield code="4">https://d-nb.info/standards/elementset/gnd#professionOrOccupation</subfield>
      <subfield code="w">r</subfield>
      <subfield code="i">Charakteristischer Beruf</subfield>
    </datafield>
    <datafield tag="551" ind1=" " ind2=" ">
      <subfield code="a">Venatura &lt;Sassoferrato&gt;</subfield>
      <subfield code="4">ortg</subfield>
      <subfield code="4">https://d-nb.info/standards/elementset/gnd#placeOfBirth</subfield>
      <subfield code="w">r</subfield>
      <subfield code="i">Geburtsort</subfield>
    </datafield>
    <datafield tag="551" ind1=" " ind2=" ">
      <subfield code="0">(DE-101)040453146</subfield>
      <subfield code="0">(DE-588)4045314-5</subfield>
      <subfield code="0">https://d-nb.info/gnd/4045314-5</subfield>
      <subfield code="a">Perugia</subfield>
      <subfield code="4">orts</subfield>
      <subfield code="4">https://d-nb.info/standards/elementset/gnd#placeOfDeath</subfield>
      <subfield code="w">r</subfield>
      <subfield code="i">Sterbeort</subfield>
    </datafield>
    <datafield tag="667" ind1=" " ind2=" ">
      <subfield code="a">12-PMA</subfield>
    </datafield>
    <datafield tag="667" ind1=" " ind2=" ">
      <subfield code="a">12</subfield>
    </datafield>
    <datafield tag="667" ind1=" " ind2=" ">
      <subfield code="a">384</subfield>
    </datafield>
    <datafield tag="667" ind1=" " ind2=" ">
      <subfield code="a">7</subfield>
    </datafield>
    <datafield tag="667" ind1=" " ind2=" ">
      <subfield code="a">VD-17</subfield>
    </datafield>
    <datafield tag="667" ind1=" " ind2=" ">
      <subfield code="a">VD-16</subfield>
    </datafield>
    <datafield tag="667" ind1=" " ind2=" ">
      <subfield code="a">Maschinell verknuepft mit DBL-Retro-Titeldaten</subfield>
    </datafield>
    <datafield tag="667" ind1=" " ind2=" ">
      <subfield code="a">Quelle: DNB-Normdaten (anderslautendes Geburtsjahr LCAuth: 1313 ; Info DNB: Land: Italien, Geburtsort: Venatura &lt;Sassoferrato&gt;, Sterbeort: Perugia ; Beruf: Jurist)</subfield>
    </datafield>
    <datafield tag="670" ind1=" " ind2=" ">
      <subfield code="a">Tusculum-Lexikon; LMA,I,1500/01 ; LoC-NA</subfield>
    </datafield>
    <datafield tag="670" ind1=" " ind2=" ">
      <subfield code="a">M</subfield>
    </datafield>
    <datafield tag="672" ind1=" " ind2="0">
      <subfield code="a">Bartolus &lt;de Saxoferrato&gt;: Praelectiones</subfield>
      <subfield code="f">1546</subfield>
    </datafield>
    <datafield tag="672" ind1=" " ind2="0">
      <subfield code="a">Bartolus &lt;de Saxoferrato&gt;: Bartoli a Saxoferato ... tractatus de insigniis et armis</subfield>
      <subfield code="f">1727</subfield>
    </datafield>
    <datafield tag="672" ind1=" " ind2="0">
      <subfield code="a">Alfani, Bernardino: Collectanea sive Reportata ad mille insigniora loca ... juris civ.</subfield>
      <subfield code="f">1572</subfield>
    </datafield>
    <datafield tag="672" ind1=" " ind2="0">
      <subfield code="a">Alfani, Bernardino: B. Alfani et Sexti a Bartolo Collectanea sive Reportata ... iuris *</subfield>
      <subfield code="f">1570</subfield>
    </datafield>
    <datafield tag="672" ind1=" " ind2="0">
      <subfield code="a">Bartolus &lt;de Saxoferrato&gt;: Tractatus iudiciorum Domini Bartholi. - ca. 1505</subfield>
    </datafield>
    <datafield tag="672" ind1=" " ind2="0">
      <subfield code="a">Albericus &lt;de Rosate&gt;: De statutis</subfield>
      <subfield code="f">1606</subfield>
    </datafield>
    <datafield tag="672" ind1=" " ind2="0">
      <subfield code="a">Albericus &lt;de Rosate&gt;: Tractatus de statutis</subfield>
      <subfield code="f">1606</subfield>
    </datafield>
    <datafield tag="672" ind1=" " ind2="0">
      <subfield code="a">Bartolus &lt;de Saxoferrato&gt;: Die theoretische Abhandlung von Bartolus und*</subfield>
      <subfield code="f">1894</subfield>
    </datafield>
    <datafield tag="672" ind1=" " ind2="0">
      <subfield code="a">Bartolus &lt;de Saxoferrato&gt;: Opera</subfield>
      <subfield code="f">1577</subfield>
    </datafield>
    <datafield tag="672" ind1=" " ind2="0">
      <subfield code="a">Bartolus &lt;de Saxoferrato&gt;: Super I. parte digesti veteris</subfield>
      <subfield code="f">1479</subfield>
    </datafield>
    <datafield tag="672" ind1=" " ind2="0">
      <subfield code="a">Bartolus &lt;aus Sassoferrato&gt;: Ars notariatus. 1517. (VD16 I 167)</subfield>
    </datafield>
    <datafield tag="672" ind1=" " ind2="0">
      <subfield code="a">Bartolus &lt;aus Sassoferrato&gt;: Ars notariatus. 1505. (VD16 M 5750)</subfield>
    </datafield>
    <datafield tag="672" ind1=" " ind2="0">
      <subfield code="a">Bartolus &lt;aus Sassoferrato&gt;: Processus Satanae ... infernalis contra genus humanum. 1505. (VD16 B 601)</subfield>
    </datafield>
    <datafield tag="672" ind1=" " ind2="0">
      <subfield code="a">Bartolus &lt;aus Sassoferrato&gt;: Speculum notariorum tabellionum et scribarum ad communem eorum utilitatem congestum. 1518. (VD16 ZV 1085)</subfield>
    </datafield>
    <datafield tag="672" ind1=" " ind2="0">
      <subfield code="a">Bartolus &lt;aus Sassoferrato&gt;: Processus Satanae, procuratoris infernalis, contra genus humanum. 1505. (VD16 ZV 1087)</subfield>
    </datafield>
    <datafield tag="672" ind1=" " ind2="0">
      <subfield code="a">Amanellus &lt;de Claris Aquis&gt;: Casus speciales. 1506. (VD16 ZV 478)</subfield>
    </datafield>
    <datafield tag="672" ind1=" " ind2="0">
      <subfield code="a">Bartolus &lt;aus Sassoferrato&gt;: Opera omnia. 1562. (VD16 B 574)</subfield>
    </datafield>
    <datafield tag="672" ind1=" " ind2="0">
      <subfield code="a">Amanellus &lt;de Claris Aquis&gt;: De carceribus. 1511. (VD16 A 2151)</subfield>
    </datafield>
    <datafield tag="672" ind1=" " ind2="0">
      <subfield code="a">Bartolus &lt;aus Sassoferrato&gt;: Ars notariatus. 1504. (VD16 M 5748)</subfield>
    </datafield>
    <datafield tag="672" ind1=" " ind2="0">
      <subfield code="a">Bartolus &lt;aus Sassoferrato&gt;: Processus Satanae infernalis contra genus humanum. 1515. (VD16 E 1693)</subfield>
    </datafield>
    <datafield tag="678" ind1=" " ind2=" ">
      <subfield code="b">Ital. Jurist, Prof in Perugia und Pisa</subfield>
    </datafield>
    <datafield tag="913" ind1=" " ind2=" ">
      <subfield code="S">pnd</subfield>
      <subfield code="i">5</subfield>
      <subfield code="a">Bartolus &lt;de Saxoferrato&gt;</subfield>
      <subfield code="0">(DE-588a)118652885</subfield>
    </datafield>
    <datafield tag="913" ind1=" " ind2=" ">
      <subfield code="S">pnd</subfield>
      <subfield code="i">5</subfield>
      <subfield code="a">Bartolus &lt;de Sassoferrato&gt;</subfield>
      <subfield code="0">(DE-588a)118652885</subfield>
    </datafield>
    <datafield tag="913" ind1=" " ind2=" ">
      <subfield code="S">pnd</subfield>
      <subfield code="i">5</subfield>
      <subfield code="a">Bartolus de Saxoferrato</subfield>
      <subfield code="0">(DE-588a)15844907X</subfield>
    </datafield>
    <datafield tag="913" ind1=" " ind2=" ">
      <subfield code="S">pnd</subfield>
      <subfield code="i">5</subfield>
      <subfield code="a">Bartolus &lt;De Saxoferrato&gt;</subfield>
      <subfield code="0">(DE-588a)174800908</subfield>
    </datafield>
  </record>
